@article{Peaceman_Paper,
    author    = "Peaceman, D.W.",
    title     = "Interpretation of Well-BLock Pressures in Numerical Reservoir Simulation",
    journal   = "Society of Petroleum engineers journal",
    volume    = "18",
    number    = "3",
    pages    = "183-194",
    year      = "1978",
    month    = "June"
}

@article{Shu_Paper,
    author    = "Shu, Jones",
    title     = "Comparisons of various techinques for computing well index",
    year      = "2005",
    month    = "August",
    url      = "https://earthsci.stanford.edu/ERE/research/suprihw/publications/pub-docs/JonesShu_MSReport.pdf"
}

@article{van_Poolen,
    author    = "van Poolen, H. K. and Breitenbach, E. A. and Thurnau, D. H.",
    title     = "Treatment of Individual Wells and Grids in Reservoir Modeling",
    journal   = "Society of Petroleum engineers Journal",
    pages    = "341-346",
    year      = "1968",
    month    = "December"
}

@article{Schwabe_Brand,
    author    = "Schwabe, K. and Brand, J.",
    title     = "Prediction of Reservoir Behavior Using Numerical Simulators",
    year      = "1967",
    month    = "October"
}

@article{Bellout_paper,
    author    = "Mathias C. Bellout and David Echeverr√≠a Ciaurri and Louis J. Durlofsky and Bjarne Foss and Jon Kleppe",
    title     = "Joint optimization of oil well placement and controls",
    journal   = "Computational Geosciences",
    volume    = "16",
    number    = "4"
    pages     = "1061-1079",
    year      = "2012",
    month     = "September"
}

@article{Wolfsteiner,
    author    = "Wolfsteiner, Christian and Durlofsky, Louis J. and Aziz,  Khalid",
    title     = "Calculation of well index for nonconventional wells on arbitrary grids",
    journal   = "Computational Geosciences",
    volume    = "7",
    pages     = "61-82",
    year      = "2003"
}

@article{Lewis_Luke_Malick,
    author    = "Lewis, A. S. and Luke, D. R.  and Malick, J.",
    title     = "Local linear convergence for alternating and averaged nonconvex projections",
    journal   = "Foundations of computational mathematics",
    volume    = "9",
    pages     = "485-513",
    year      = "2009"
}
 '', A. S. Lewis, D. R. Luke and J. Malick, Foundations of Computational Mathematics 9(4):485--513 (2009)
@online{Lewis_Luke_Malick_2,
    author    = "Lewis, A. S. and Luke, D. R.  and Malick, J.",
    title     = "Local convergence for alternating and averaged nonconvex projections",
    journal   = "Foundations of computational mathematics",
    volume    = "9",
    pages     = "485-513",
    year      = "2009"
}

% Optional fields: volume/number, series, address, edition, month, note
@BOOK{Nocedal_Wright,
    author = {Nocedal, J and Wright, Stephen J.},
    title = {Numerical Optimization},
    edition = {second edition},
    publisher = {Springer},
    year = "2006"
}
% Optional fields: volume/number, series, address, edition, month, note
@online{Eclipse,
  author = {Schlumberger},
  year = "2014",
  url = {https://www.software.slb.com/products/eclipse},
  urldate = {2016-01-01}
  }

  % Optional fields: volume/number, series, address, edition, month, note
@manual{Holmes,
    author = {Schlumberger ECLIPSE},
    title = {Schedule User Guide},
    edition = {2004A},
    chapter = {6},
    year = 2004
}

@online{Hilmar_git,
  author = {Hilmarm on github},
  title = {Hilmarm's github repositories},
  url = {https://github.com/hilmarm},
  urldate = {2016-03-03}
  }

@misc{QtCompany,
    author = {The Qt Company},
    note = {Accessed: 31.03.2016},
    title = {Qt Framework Web Page},
    url = {http://www.qt.io/about-us/},
    year = 2016
}

@misc{Eigen_library,
    note = {Accessed: 31.03.2016},
    title = {The Eigen library for C++},
    url = {http://eigen.tuxfamily.org/index.php?title=Main_Page},
    year = 2016
}

@misc{Rpoly,
    author = {Chris Sweeney},
    note = {Accessed: 31.03.2016},
    title = {RPOLY - A Polynomial Root-finding library},
    url = {https://github.com/sweeneychris/RpolyPlusPlus},
    year = 2016
}

@article{Jenkins_traub,
    author = {Jenkins, Michael A.  and Traub,  Joseph F.},
    title = {A three-stage variable-shift iteration for polynomial zeros and its relation to generalized rayleigh iteration},
    journal   = "Numerische Mathematik",
    volume    = "14",
    number     = "3",
    pages     = "252-263",
    year      = "1970"
}

@misc{Fieldopt,
    author = {Petrolem Cybernetics Group},
    title = {FieldOpt},
    url = {https://github.com/PetroleumCyberneticsGroup/FieldOpt},
    year = 2016
}

@misc{Matlab,
    author = {Mathworks},
    title = {MatLab},
    url = {http://se.mathworks.com/products/matlab/},
    year = 2016
}

